% This file was created with JabRef 2.7b.
% Encoding: UTF8

@BOOK{ChB99,
  title = {Firewalls und Sicherheit im Internet},
  year = {1999},
  author = {Cheswick, W. and Bellovin, S.},
  address = {Würzburg},
  edition = {Zweite Auflage}
}

@BOOK{CoM99,
  title = {Managementaufgabe Sicherheit},
  year = {1999},
  author = {Cole, T. and Matzer, M.},
  address = {München}
}

@BOOK{Eck01,
  title = {IT-Sicherheit},
  year = {2001},
  author = {Eckert, C.},
  address = {München}
}

@BOOK{Jan02,
  title = {Sicherheit im Internet},
  year = {2002},
  author = {Janowicz, K.},
  address = {Köln}
}

@BOOK{antihacker,
  title = {Das Anti-Hacker-Buch},
  publisher = {MITP-Verlag},
  year = {2001},
  author = {Kurtz, George and McClure, Stuart and Scambray, Joel},
  address = {Bonn},
  edition = {Zweite Auflage}
}

@MISC{,
  author = {Johannes Köbler},
  title = {Vorlesungskript Kryptologie I},
  howpublished = {\url{http://www.informatik.hu-berlin.de/forschung/gebiete/algorithmenII/Lehre/ws05/krypto1}},
  note = {27.\,7.\,2012},
  owner = {thkoch},
  timestamp = {2012.08.09}
}

@BOOK{KSG98,
  title = {Firewalls},
  year = {1998},
  author = {Köhntopp, M. and Seeger, M. and Gundermann, L.},
  address = {München}
}

@BOOK{metahandbuch,
  title = {Metasploit - Das Handbuch zum Penetration-Testing-Framework},
  publisher = {dpunkt.verlag},
  year = {2012},
  author = {Messner, Michael},
  address = {Heidelberg},
  edition = {Erste Auflage}
}

@BOOK{Pip00,
  title = {Information Security},
  year = {2000},
  author = {Pipkin, D.},
  address = {London}
}

@BOOK{hackingschool,
  title = {Hacking School - Handbuch},
  publisher = {Verlag CSH},
  year = {2009},
  author = {Put, Damian and Adamczyk, Wojciech and Wróbel, Adam and Bylina Pawel},
  edition = {Zweite Auflage}
}

@BOOK{ScB01,
  title = {Secrets \& lies},
  year = {2001},
  author = {Schneier, B.},
  address = {Heidelberg}
}

@BOOK{ScO97,
  title = {Entwicklung und Realisierung eines integrierten Sicherheitskonzeptes
	(Diss.)},
  year = {1997},
  author = {Scholz, O.},
  address = {Leipzig}
}

@BOOK{Sta01,
  title = {Sicherheit im Internet},
  year = {2001},
  author = {Stallings, W.},
  address = {München}
}

@BOOK{Sta95,
  title = {Sicherheit im Datennetz},
  year = {1995},
  author = {Stallings, W.},
  address = {München}
}

@BOOK{SSF02,
  title = {Praxisleitfaden Netzwerksicherheit},
  year = {2002},
  author = {Stiefenhofer, M. and Schlosser, C. and Feil, P.},
  address = {München}
}

@ONLINE{Nikto,
  howpublished = {\url{http://cirt.net/nikto2}},
  title = {Nikto2},
  note = {25.\,7.\,2012}
}

@ONLINE{W3AF,
  howpublished = {\url{http://w3af.sourceforge.net}},
  title = {W3AF},
  note = {25.\,7.\,2012}
}

@comment{jabref-entrytype: Online: req[howpublished;title;note] opt[]}

